<record><leader>00000cas a22000007i 4500</leader><controlfield tag="001">795784165</controlfield><controlfield tag="008">120619d19521973mau x n       0   a0eng  </controlfield><datafield ind1=" " ind2=" " tag="010"><subfield code="a">  2016202366</subfield></datafield><datafield ind1=" " ind2=" " tag="040"><subfield code="a">BXM</subfield><subfield code="b">eng</subfield><subfield code="e">rda</subfield><subfield code="c">BXM</subfield><subfield code="d">DLC</subfield></datafield><datafield ind1=" " ind2=" " tag="012"><subfield code="l">1</subfield></datafield><datafield ind1="0" ind2=" " tag="022"><subfield code="a">2473-9758</subfield><subfield code="2">23</subfield></datafield><datafield ind1=" " ind2=" " tag="042"><subfield code="a">pcc</subfield><subfield code="a">nsdp</subfield></datafield><datafield ind1="1" ind2="0" tag="050"><subfield code="a">ISSN RECORD</subfield></datafield><datafield ind1="1" ind2="0" tag="082"><subfield code="a">070</subfield><subfield code="2">23</subfield></datafield><datafield ind1="0" ind2=" " tag="130"><subfield code="a">885 (Newton, Mass.)</subfield></datafield><datafield ind1=" " ind2="0" tag="222"><subfield code="a">885</subfield><subfield code="b">(Newton, Mass. Print)</subfield></datafield><datafield ind1="0" ind2="0" tag="245"><subfield code="a">885.</subfield></datafield><datafield ind1="1" ind2=" " tag="246"><subfield code="a">Eight eighty-five</subfield></datafield><datafield ind1="1" ind2=" " tag="246"><subfield code="a">Eight eight five</subfield></datafield><datafield ind1="1" ind2=" " tag="246"><subfield code="a">Eight hundred eighty-five</subfield></datafield><datafield ind1=" " ind2="1" tag="264"><subfield code="a">Newton, Mass. :</subfield><subfield code="b">Newton College of the Sacred Heart,</subfield></datafield><datafield ind1=" " ind2=" " tag="310"><subfield code="a">Irregular</subfield></datafield><datafield ind1=" " ind2=" " tag="336"><subfield code="a">text</subfield><subfield code="b">txt</subfield><subfield code="2">rdacontent</subfield></datafield><datafield ind1=" " ind2=" " tag="337"><subfield code="a">unmediated</subfield><subfield code="b">n</subfield><subfield code="2">rdamedia</subfield></datafield><datafield ind1=" " ind2=" " tag="338"><subfield code="a">volume</subfield><subfield code="b">nc</subfield><subfield code="2">rdacarrier</subfield></datafield><datafield ind1="1" ind2=" " tag="362"><subfield code="a">Began in 1952?; ceased in 1973?</subfield></datafield><datafield ind1=" " ind2=" " tag="500"><subfield code="a">Includes special issues and supplements, some with distinctive titles.</subfield></datafield><datafield ind1=" " ind2=" " tag="588"><subfield code="a">Description based on surrogate of: Vol. 1, no. 2 (December 1952); title from caption.</subfield></datafield><datafield ind1=" " ind2=" " tag="588"><subfield code="a">Latest issue cosnsulted: Vol. 11, no. 4 (Dec. 17, 1973) (surrogate).</subfield></datafield><datafield ind1=" " ind2=" " tag="515"><subfield code="a">Many issues contain enumeration errors.</subfield></datafield><datafield ind1="2" ind2="0" tag="610"><subfield code="a">Newton College of the Sacred Heart (Newton, Mass.)</subfield><subfield code="v">Newspapers.</subfield></datafield><datafield ind1="2" ind2=" " tag="710"><subfield code="a">Newton College of the Sacred Heart (Newton, Mass.)</subfield></datafield><datafield ind1="0" ind2="8" tag="776"><subfield code="i">Online version:</subfield><subfield code="t">885 (Newton, Mass.)</subfield><subfield code="x">2473-9766</subfield><subfield code="w">(DLC)  2016202367</subfield><subfield code="w">(OCoLC)957359547</subfield></datafield><datafield ind1="4" ind2="1" tag="856"><subfield code="u">http://newspapers.bc.edu/cgi-bin/bostonsh?a=cl&amp;cl=CL2.1973.12&amp;sp=eighteightfive&amp;e=-------en-20--1--txt-txIN-------</subfield></datafield></record>